<?xml version="1.0" encoding="UTF-8"?><collection xmlns="http://www.loc.gov/MARC21/slim"><record><leader>00384nam--2200145-i-4500</leader><controlfield tag="001">000029552</controlfield><controlfield tag="002">20161230</controlfield><controlfield tag="005">20161230201037</controlfield><controlfield tag="008">060222s1000------------r-----000-0-eng-d</controlfield><datafield ind1=" " ind2=" " tag="080"><subfield code="a">517.957</subfield></datafield><datafield ind1="1" ind2=" " tag="100"><subfield code="a">Louw, J.A.And Steeb, W.H</subfield></datafield><datafield ind1="1" ind2="0" tag="245"><subfield code="a">Chaos and quantum chaos</subfield></datafield><datafield ind1=" " ind2=" " tag="260"><subfield code="a">Singapore, World Scientific, 1986, Viii + 146p</subfield></datafield><datafield ind1=" " ind2=" " tag="852"><subfield code="a">74779</subfield><subfield code="c">517.9</subfield></datafield><datafield ind1=" " ind2=" " tag="CAT"><subfield code="a">Sys</subfield><subfield code="c">20090512</subfield><subfield code="h">113014</subfield></datafield></record></collection>